
  <record>
    <leader>01055cam a2200313 a 4500</leader>
    <controlfield tag="001">4</controlfield>
    <controlfield tag="005">20141217161637.0</controlfield>
    <controlfield tag="008">860224s1986    xx a     b    000 0 eng d</controlfield>
    <datafield tag="035" ind1=" " ind2=" ">
      <subfield code="a">(CStRLIN)NYCX86B22790</subfield>
    </datafield>
    <datafield tag="035" ind1=" " ind2=" ">
      <subfield code="a">(NIC)notisAAA0002</subfield>
    </datafield>
    <datafield tag="035" ind1=" " ind2=" ">
      <subfield code="a">(OCoLC)63226685</subfield>
    </datafield>
    <datafield tag="035" ind1=" " ind2=" ">
      <subfield code="a">4</subfield>
    </datafield>
    <datafield tag="040" ind1=" " ind2=" ">
      <subfield code="a">NIC</subfield>
      <subfield code="c">NIC</subfield>
    </datafield>
    <datafield tag="100" ind1="1" ind2=" ">
      <subfield code="a">McKinney, Daene C,</subfield>
      <subfield code="d">1954-</subfield>
    </datafield>
    <datafield tag="245" ind1="1" ind2="3">
      <subfield code="a">An interactive groundwater modeling system /</subfield>
      <subfield code="c">by Daene C. McKinney.</subfield>
    </datafield>
    <datafield tag="260" ind1=" " ind2=" ">
      <subfield code="c">1986.</subfield>
    </datafield>
    <datafield tag="300" ind1=" " ind2=" ">
      <subfield code="a">viii, 107 leaves :</subfield>
      <subfield code="b">ill. ;</subfield>
      <subfield code="c">28 cm.</subfield>
    </datafield>
    <datafield tag="500" ind1=" " ind2=" ">
      <subfield code="a">Typescript (photocopy)</subfield>
    </datafield>
    <datafield tag="502" ind1=" " ind2=" ">
      <subfield code="b">M.S.</subfield>
      <subfield code="c">Cornell University</subfield>
      <subfield code="d">January 1986</subfield>
    </datafield>
    <datafield tag="504" ind1=" " ind2=" ">
      <subfield code="a">Bibliography: leaves 100-102.</subfield>
    </datafield>
    <datafield tag="650" ind1=" " ind2="0">
      <subfield code="a">Groundwater.</subfield>
    </datafield>
    <datafield tag="650" ind1=" " ind2="0">
      <subfield code="a">Groundwater</subfield>
      <subfield code="x">Pollution.</subfield>
    </datafield>
    <datafield tag="650" ind1=" " ind2="7">
      <subfield code="a">Groundwater</subfield>
      <subfield code="2">fast</subfield>
      <subfield code="0">(OCoLC)fst00948209</subfield>
    </datafield>
    <datafield tag="650" ind1=" " ind2="7">
      <subfield code="a">Groundwater</subfield>
      <subfield code="x">Pollution</subfield>
      <subfield code="2">fast</subfield>
      <subfield code="0">(OCoLC)fst00948250</subfield>
    </datafield>
    <datafield tag="903" ind1=" " ind2=" ">
      <subfield code="a">Google</subfield>
      <subfield code="d">20101116</subfield>
      <subfield code="p">31924003850009</subfield>
    </datafield>
    <datafield tag="905" ind1=" " ind2=" ">
      <subfield code="a">19950114120000.0</subfield>
    </datafield>
    <datafield tag="948" ind1="2" ind2=" ">
      <subfield code="a">20141016</subfield>
      <subfield code="b">m</subfield>
      <subfield code="d">batch</subfield>
      <subfield code="e">lts</subfield>
      <subfield code="x">addfast</subfield>
    </datafield>
    <datafield tag="950" ind1=" " ind2=" ">
      <subfield code="l">ARCHV</subfield>
      <subfield code="b">\Thesis\1986\M4785</subfield>
      <subfield code="i">05/16/86 C ?4820:</subfield>
    </datafield>
    <datafield tag="950" ind1=" " ind2=" ">
      <subfield code="l">ENGR</subfield>
      <subfield code="b">\Thesis\TA\10\1986\M4785+</subfield>
      <subfield code="i">05/16/86 C ?4820:</subfield>
    </datafield>
  </record>