
  <record>
    <leader>00967cam a2200289   4500</leader>
    <controlfield tag="001">10</controlfield>
    <controlfield tag="005">20141021232222.0</controlfield>
    <controlfield tag="008">860116s1952    sp aef        000 0 spa  </controlfield>
    <datafield tag="010" ind1=" " ind2=" ">
      <subfield code="a">   53025148 </subfield>
    </datafield>
    <datafield tag="035" ind1=" " ind2=" ">
      <subfield code="a">(CStRLIN)NYCX86B6695</subfield>
    </datafield>
    <datafield tag="035" ind1=" " ind2=" ">
      <subfield code="a">(NIC)notisAAA0008</subfield>
    </datafield>
    <datafield tag="035" ind1=" " ind2=" ">
      <subfield code="a">(OCoLC)17304701</subfield>
    </datafield>
    <datafield tag="035" ind1=" " ind2=" ">
      <subfield code="a">10</subfield>
    </datafield>
    <datafield tag="040" ind1=" " ind2=" ">
      <subfield code="a">$CCSt</subfield>
      <subfield code="d">CSt</subfield>
      <subfield code="d">MiU</subfield>
      <subfield code="d">NIC</subfield>
    </datafield>
    <datafield tag="043" ind1=" " ind2=" ">
      <subfield code="a">e-sp---</subfield>
    </datafield>
    <datafield tag="050" ind1="0" ind2=" ">
      <subfield code="a">NA5811.G4</subfield>
      <subfield code="b">F6</subfield>
    </datafield>
    <datafield tag="082" ind1=" " ind2=" ">
      <subfield code="a">726.6</subfield>
      <subfield code="a">726.5*</subfield>
    </datafield>
    <datafield tag="100" ind1="1" ind2=" ">
      <subfield code="a">Font, Lamberto.</subfield>
    </datafield>
    <datafield tag="245" ind1="1" ind2="0">
      <subfield code="a">Gerona;</subfield>
      <subfield code="b">la Catedral y el Museo Diocesano; estudio descriptivo, repertorio iconografico, indice explicativo de las ilus.</subfield>
    </datafield>
    <datafield tag="260" ind1=" " ind2=" ">
      <subfield code="a">Gerona,</subfield>
      <subfield code="b">Editorial Carlomagno,</subfield>
      <subfield code="c">1952.</subfield>
    </datafield>
    <datafield tag="300" ind1=" " ind2=" ">
      <subfield code="a">84, xlviii p.</subfield>
      <subfield code="b">illus., 195 plates, plan.</subfield>
      <subfield code="c">23 cm.</subfield>
    </datafield>
    <datafield tag="610" ind1="2" ind2="0">
      <subfield code="a">Catedral de Girona.</subfield>
    </datafield>
    <datafield tag="610" ind1="1" ind2="0">
      <subfield code="a">Gerona, Spain.</subfield>
      <subfield code="b">Museo Diocesano.</subfield>
    </datafield>
    <datafield tag="610" ind1="2" ind2="7">
      <subfield code="a">Catedral de Girona</subfield>
      <subfield code="2">fast</subfield>
      <subfield code="0">(OCoLC)fst00751812</subfield>
    </datafield>
    <datafield tag="905" ind1=" " ind2=" ">
      <subfield code="a">19880603120000.0</subfield>
    </datafield>
    <datafield tag="948" ind1="2" ind2=" ">
      <subfield code="a">20141016</subfield>
      <subfield code="b">m</subfield>
      <subfield code="d">batch</subfield>
      <subfield code="e">lts</subfield>
      <subfield code="x">addfast</subfield>
    </datafield>
    <datafield tag="950" ind1=" " ind2=" ">
      <subfield code="l">FINE</subfield>
      <subfield code="a">NA5811.G4</subfield>
      <subfield code="b">F67</subfield>
      <subfield code="f">BASIC</subfield>
      <subfield code="i">01/16/86 N</subfield>
    </datafield>
  </record>