
  <record>
    <leader>01719cam a22004091  4500</leader>
    <controlfield tag="001">11</controlfield>
    <controlfield tag="005">20141021232225.0</controlfield>
    <controlfield tag="008">860224s1862    nyua          000 0 eng  </controlfield>
    <datafield tag="010" ind1=" " ind2=" ">
      <subfield code="a">   06045666 </subfield>
    </datafield>
    <datafield tag="035" ind1=" " ind2=" ">
      <subfield code="a">(CStRLIN)NYCX86B22792</subfield>
    </datafield>
    <datafield tag="035" ind1=" " ind2=" ">
      <subfield code="a">(NIC)notisAAA0009</subfield>
    </datafield>
    <datafield tag="035" ind1=" " ind2=" ">
      <subfield code="a">(OCoLC)63219806</subfield>
    </datafield>
    <datafield tag="035" ind1=" " ind2=" ">
      <subfield code="a">11</subfield>
    </datafield>
    <datafield tag="040" ind1=" " ind2=" ">
      <subfield code="c">NIC</subfield>
      <subfield code="d">NIC</subfield>
    </datafield>
    <datafield tag="041" ind1="1" ind2=" ">
      <subfield code="a">eng</subfield>
      <subfield code="h">fre</subfield>
    </datafield>
    <datafield tag="050" ind1="0" ind2=" ">
      <subfield code="a">SF239</subfield>
      <subfield code="b">.G925</subfield>
    </datafield>
    <datafield tag="100" ind1="1" ind2=" ">
      <subfield code="a">Guénon, François,</subfield>
      <subfield code="d">1796-1855.</subfield>
    </datafield>
    <datafield tag="245" ind1="1" ind2="2">
      <subfield code="a">A treatise on milch cows, whereby the quality and quantity of milk which any cow will give may be accurately determined by observing natural marks or external indications alone; the length of time she will continue to give milk, &amp;c.</subfield>
      <subfield code="c">By M. Francis Guenon ... Tr. for the Farmer's library, from the French by N. P. Trist ... With introductory remarks and observations on the cow and the dairy. By John S. Skinner.  63d thousand.</subfield>
    </datafield>
    <datafield tag="250" ind1=" " ind2=" ">
      <subfield code="a">[14th ed.]</subfield>
    </datafield>
    <datafield tag="260" ind1=" " ind2=" ">
      <subfield code="a">New York,</subfield>
      <subfield code="b">C. M. Saxton,</subfield>
      <subfield code="c">1862.</subfield>
    </datafield>
    <datafield tag="300" ind1=" " ind2=" ">
      <subfield code="a">88 p.</subfield>
      <subfield code="b">illus.</subfield>
      <subfield code="c">23 cm.</subfield>
    </datafield>
    <datafield tag="650" ind1=" " ind2="0">
      <subfield code="a">Cows</subfield>
    </datafield>
    <datafield tag="650" ind1=" " ind2="0">
      <subfield code="a">Milk</subfield>
    </datafield>
    <datafield tag="650" ind1=" " ind2="4">
      <subfield code="a">1862</subfield>
    </datafield>
    <datafield tag="651" ind1=" " ind2="4">
      <subfield code="a">New York (N.Y.)</subfield>
      <subfield code="v">Imprints (C. M. Saxton)</subfield>
    </datafield>
    <datafield tag="650" ind1=" " ind2="7">
      <subfield code="a">Cows</subfield>
      <subfield code="2">fast</subfield>
      <subfield code="0">(OCoLC)fst00882039</subfield>
    </datafield>
    <datafield tag="650" ind1=" " ind2="7">
      <subfield code="a">Milk</subfield>
      <subfield code="2">fast</subfield>
      <subfield code="0">(OCoLC)fst01021615</subfield>
    </datafield>
    <datafield tag="700" ind1="1" ind2=" ">
      <subfield code="a">Skinner, John S.</subfield>
      <subfield code="q">(John Stuart),</subfield>
      <subfield code="d">1788-1851.</subfield>
    </datafield>
    <datafield tag="700" ind1="1" ind2=" ">
      <subfield code="a">Trist, Nicholas Philip,</subfield>
      <subfield code="d">1800-1874.</subfield>
      <subfield code="e">tr.</subfield>
    </datafield>
    <datafield tag="700" ind1="1" ind2=" ">
      <subfield code="a">Busteed, John.</subfield>
      <subfield code="4">sgn</subfield>
    </datafield>
    <datafield tag="710" ind1="2" ind2=" ">
      <subfield code="a">Cornell University.</subfield>
      <subfield code="b">College of Veterinary Medicine.</subfield>
      <subfield code="b">Flower-Sprecher Veterinary Library.</subfield>
      <subfield code="4">fmo</subfield>
    </datafield>
    <datafield tag="903" ind1=" " ind2=" ">
      <subfield code="a">Kirtas</subfield>
      <subfield code="d">20080321</subfield>
      <subfield code="p">31924073967030</subfield>
    </datafield>
    <datafield tag="905" ind1=" " ind2=" ">
      <subfield code="a">19880603120000.0</subfield>
    </datafield>
    <datafield tag="948" ind1="2" ind2=" ">
      <subfield code="a">20051107</subfield>
      <subfield code="b">w</subfield>
      <subfield code="d">lbb4</subfield>
      <subfield code="e">rmc</subfield>
      <subfield code="f">?</subfield>
      <subfield code="h">?</subfield>
    </datafield>
    <datafield tag="948" ind1="1" ind2=" ">
      <subfield code="a">20051107</subfield>
      <subfield code="b">l</subfield>
      <subfield code="d">lbb4</subfield>
      <subfield code="e">rmc</subfield>
      <subfield code="f">?</subfield>
      <subfield code="h">?</subfield>
    </datafield>
    <datafield tag="948" ind1="2" ind2=" ">
      <subfield code="a">20141016</subfield>
      <subfield code="b">m</subfield>
      <subfield code="d">batch</subfield>
      <subfield code="e">lts</subfield>
      <subfield code="x">addfast</subfield>
    </datafield>
    <datafield tag="950" ind1=" " ind2=" ">
      <subfield code="l">VET</subfield>
      <subfield code="a">SF239</subfield>
      <subfield code="b">.G92t 1862</subfield>
      <subfield code="f">BASIC</subfield>
      <subfield code="h">02/24/86 N</subfield>
    </datafield>
  </record>
</collection>
